2234 3609
468 278 549 353 T
580 276 1194 359 HUCYDssV,
1244 288 1364 385 38.
1475 318 1482 327 ·
1566 310 1712 390 109

112 405 188 482 se
224 404 485 503 legatos
528 405 599 489 in
628 404 981 479 Boeotiam
1004 406 1360 495 miffuros,
1387 413 1721 494 abierunt.

116 521 369 595 Boeoti
396 544 561 593 vero
588 518 833 595 domu'm
863 522 1128 607 reverfi,
1157 527 1241 597 ad
1269 526 1722 607 Boeotarchae

116 636 521 708 detulerunt
548 656 701 706 cum
729 658 1008 727 ea,quae
1028 634 1558 728 Lacedaemone,
1578 666 1723 719 tum

120 773 233 831 ea,
271 772 445 843 quae
473 772 559 821 ex
586 745 865 843 Argivis
894 749 965 819 in
992 748 1346 845 congreffu
1375 754 1724 833 audiffent.

120 860 591 935 Boeotarchae
620 885 785 933 vero
820 862 891 933 id
928 884 1276 957 acceptum
1312 866 1722 957 habuerunt,

124 993 201 1055 et
228 974 447 1049 multo
474 974 875 1071 promtiores
902 972 1210 1063 fuerunt,
1248 982 1434 1075 quod
1469 982 1726 1079 ipfis‘u..

124 1089 405 1184 trinque
431 1084 834 1184 contigifl'et,
851 1108 931 1160 ut
958 1110 1027 1162 et
1054 1091 1155 1163 illi
1176 1118 1261 1164 ex
1279 1092 1725 1171 Lacedaemo-

126 1202 288 1286 niis,
335 1226 507 1298 quos
532 1202 647 1277 fibi
676 1201 920 1275 amicos
948 1202 1308 1289 habebant,
1348 1211 1580 1282 eadem
1607 1236 1726 1307 pe-

130 1335 385 1399 terent,
443 1333 512 1389 et
558 1314 805 1410 Argivi
854 1316 939 1387 ad
985 1319 1218 1390 eadem
1263 1342 1726 1415 properarent.

129 1428 293 1501 Nec
312 1428 528 1501 multo
546 1426 693 1524 post
712 1426 1130 1523 Argivorum
1149 1432 1355 1525 legati
1373 1454 1728 1527 venerunt,

128 1562 213 1614 ut
242 1566 357 1615 eos
385 1540 819 1615 sollicitarent
840 1542 930 1613 ad
959 1542 1383 1639 transigenda
1413 1570 1515 1630 ea,
1533 1570 1728 1643 quae

128 1653 595 1750 promiserant.
662 1652 1145 1729 Boeotarchae
1186 1681 1386 1743 veru,
1434 1662 1744 1755 probatia-

129 1768 435 1864 ipsorum
462 1764 831 1863 postulatiS,
872 1762 1045 1862 ipsos
1075 1770 1497 1857 remiserunt,
1528 1772 1728 1869 polli-

132 1883 280 1966 citi,
323 1880 389 1956 se
428 1881 835 1979 legationem
862 1878 1089 1979 Argos
1116 1885 1204 1957 de
1237 1884 1548 1961 societate
1577 1888 1730 1961 mis·

133 1994 348 2070 sur'os.

146 2266 151 2275 ·
262 2242 299 2325 ‘3
324 2229 387 2299 8.
423 2198 695 2301 interea
723 2250 885 2299 vero
914 2223 1376 2313 Boeotarchis,
1405 2250 1474 2304 et
1495 2229 1731 2308 Corin·

138 2338 331 2421 thiis,
360 2359 429 2411 et
457 2337 994 2435 Megarenfibu'S,
1026 2362 1095 2413 et
1127 2342 1361 2437 legatis
1388 2370 1474 2418 ex
1501 2345 1734 2420 Thra-

136 2453 243 2525 cia
262 2449 455 2543 miffi's
475 2452 765 2546 primum
786 2453 1057 2546 placuit,
1078 2476 1159 2526 ut
1165 2457 1609 2554 jurejurando
1638 2458 1736 2531 in-

141 2565 464 2661 terpofito
490 2564 692 2639 fidem
714 2565 834 2643 fibi
862 2588 1101 2641 mutuo
1127 2569 1389 2653 darent,
1410 2594 1488 2642 ea
1511 2572 1735 2643 condi-

140 2681 357 2762 tione,
387 2698 489 2762 ut‚
516 2677 1051 2774 quotiescunque
1079 2704 1186 2753 res
1213 2680 1345 2753 hoc
1373 2680 1732 2777 flagitaret,

141 2816 348 2887 opem
377 2792 440 2863 ei
468 2790 755 2875 ferrent,
785 2792 903 2888 qui
934 2816 1065 2888 ope
1092 2793 1452 2888 indigeret,
1484 2812 1554 2868 et
1581 2819 1736 2871 cum

140 2906 339 2979 nullo
365 2904 620 2977 bellum
654 2924 998 3002 gererent,
1038 2925 1156 2980 aut
1176 2906 1736 3003 ,compositionem

142 3018 471 3102 facerent,
500 3017 617 3091 nifi
642 3020 729 3093 de
756 3018 1093 3094 communi
1122 3017 1466 3094 sententia.
1521 3020 1614 3094 Et
1645 3024 1738 3097 ita

138 3128 437 3213 Boeotos
464 3150 535 3209 et
554 3130 1011 3231 ,Megarenses
1055 3129 1278 3231 (idem
1315 3136 1494 3213 enim
1528 3132 1750 3211 facie«-
