2234 3609
470 270 623 343 166
806 258 1708 355 TH.UCYD.V.58.

464 394 599 467 suis
626 392 840 476 sociis,
872 412 941 465 et
968 390 1302 469 Eleorum
1346 391 1476 486 tria
1513 391 1738 486 gravis
1777 410 2090 469 armatu-:-
2211 422 2213 431 ·

467 532 583 585 rae
611 507 843 579 millia.
899 506 992 589 Et
1035 502 1364 601 progreffi
1404 504 1976 597 Lacedaemoniis
2005 505 2092 577 ad

464 620 951 715 Methydrium
980 619 1318 695 Arcadiae
1345 618 1650 718 oppidum
1687 638 2104 708 occurrunt,

466 732 559 811 Et
581 735 859 831 utrique
886 734 1133 807 collem
1159 753 1512 827 occupant·
1549 730 1642 812 Et
1661 732 1920 828 Argivi
1939 732 2099 829 qui-

466 850 629 921 dem
666 851 749 920 ad
788 850 1128 943 proelium
1161 872 1322 929 cum
1357 845 1958 933 Lacedaemoniis,
2017 866 2104 931 nt

472 962 807 1035 sociorum
826 964 1082 1043 auxilio
1098 962 1366 1035 nudatis
1371 1014 1392 1051 ‚
1409 961 1984 1034 committendum
1999 959 2104 1033 se·

467 1075 538 1149 se
567 1076 1072 1170 praeparabant,
1103 1076 1238 1163 Sed
1258 1074 1440 1172 Agis,
1461 1073 1689 1161 castris
1717 1076 1922 1149 noan
1953 1078 2107 1147 ino-

464 1190 581 1271 tiS,
600 1192 806 1285 idque
835 1190 1007 1262 clam
1036 1188 1777 1290 Argivis,Phliuntem
1805 1192 1900 1261 ad·
1919 1190 2108 1277 alios

470 1302 683 1376 socios
713 1304 1084 1379 contendit.
1123 1303 1348 1402 Qod
1375 1328 1532 1377 cum
1559 1301 1805 1399 Argivi
1837 1328 2104 1399 cogno-

474 1416 740 1504 vifl'ent,
770 1419 990 1514 primo
1006 1418 1314 1504 diluculo
1343 1416 1564 1497 statim
1590 1419 1929 1501 abierunt,
1957 1418 2106 1513 pri·

474 1558 660 1611 mum
688 1534 966 1627 quidem
994 1523 1252 1629 Argos,
1297 1532 1546 1611 deinde
1587 1556 1756 1607 vero
1787 1535 1874 1605 ad
1903 1533 2103 1614 illam

474 1649 675 1739 viam,
698 1672 873 1741 quae
892 1650 975 1727 ad
997 1646 1336 1721 Nemeam
1356 1648 1570 1730 ducit,
1589 1672 1724 1743 qua
1743 1645 2101 1733 Lacedae,-

476 1760 739 1833 monios
759 1785 914 1836 cum
932 1759 1126 1843 sociis
1145 1760 1576 1834 descensuros
1597 1760 2100 1860 exspestabants

472 1874 613 1951 Sed
660 1874 835 1970 Agis
872 1900 1013 1948 non
1050 1876 1388 1955 convertit
1441 1874 1510 1948 se
1551 1876 1638 1947 ad
1691 1874 1864 1949 illud
1915 1877 2102 1961 iter,

476 2014 611 2083 qua
642 1989 1142 2092 exspectabant:
1198 2010 1291 2073 at,
1323 2014 1398 2068 re
1426 1987 1986 2081 Lacedaemoniis
2026 2010 2104 2063 et

471 2101 856 2199 Arcadibus
896 2125 964 2179 et
1004 2104 1396 2199 Epidauriis
1431 2104 1848 2189 denuntiata,
1903 2105 2102 2185 aliud

474 2214 785 2308 asperum
814 2218 1035 2303 inivit,
1077 2238 1146 2289 et
1185 2219 1254 2291 in
1283 2217 1710 2313 Argivorum
1739 2220 2098 2313 planitiem

474 2327 841 2433 descendit.
913 2316 1025 2403 Et
1058 2330 1407 2406 Corinthii
1447 2354 1517 2405 et
1539 2326 1986 2408 ‚Pellenenses
2025 2354 2098 2411 et

476 2440 745 2547 Phliasii
766 2444 905 2517 -alia
930 2447 1140 2523 ardua
1161 2443 1290 2519 via
1317 2447 1451 2518 iter
1479 2444 1818 2543 fecerunt.
1875 2445 2096 2531 Boeo,-

481 2560 567 2632 tis
598 2584 764 2641 vero
792 2581 861 2632 et
889 2560 1404 2655 Megarensibus
1435 2582 1503 2635 et
1533 2560 1867 2659 Sicyoniis
1897 2586 2096 2656 prae,-

480 2694 755 2767 ceptum
795 2671 1047 2773 fuerat,
1092 2695 1175 2754 ut
1219 2676 1348 2759 via,
1393 2700 1570 2771 quae
1605 2676 1796 2757 ducit
1825 2677 1910 2748 ad
1939 2675 2100 2749 Ne·

478 2812 720 2889 meam,
758 2788 1268 2873 descenderent,
1313 2790 1431 2863 ubi
1475 2789 1914 2869 consederant
1953 2788 2098 2866 Ar-

484 2901 665 2993 givi3
722 2922 825 2985 ut,
863 2903 911 2975 fi
952 2902 1202 2999 Argivi
1245 2924 1480 2977 contra
1529 2904 1706 2999 ipsos
1753 2905 1824 2981 in
1873 2904 2096 2999 plani-

483 3013 645 3082 tiem
673 3016 757 3109 ad
786 3017 921 3087 vim
950 3020 1308 3091 arcendam
1347 3020 1686 3102 venirent,
1735 3018 1854 3115 ipfi
1901 3020 2104 3115 equis

482 3142 845 3207 uterentur
873 3152 986 3209 eos
1030 3154 1069 3199 a
1111 3151 1308 3226 tergo
1347 3131 1814 3229 insequentes‚-
1853 3128 2110 3228 Atque·
