2234 3609
587 210 1312 299 THUCYD.V.
1362 220 1428 293 8.
1701 244 1787 297 21

194 344 406 420 liciter
432 342 744 441 gefferat,
785 346 878 418 ita
907 364 988 418 ut
1015 340 1082 420 se
1111 347 1367 442 aliquid
1403 345 1635 442 sapere
1662 370 1797 443 pu·-

193 482 376 533 taret.
409 458 784 533 Neminem
812 459 992 533 enim
1018 482 1254 533 contra
1283 460 1351 533 se
1378 463 1462 535 ad
1489 486 1789 557 pugnam

186 575 615 669 proditurum
653 571 982 667 sperabat,
1039 572 1153 647 scd
1190 575 1416 669 potius
1453 574 1521 649 se
1556 575 1785 651 ascen·-

183 690 340 760 dere
367 688 658 770 dicebat,
690 706 767 759 ut
795 687 1017 761 locum
1045 686 1437 783 i·nspiceret;
1476 710 1545 761 et
1574 692 1781 788 majo«,

181 825 315 875 rem
343 819 742 895 apparatum
771 800 1205 895 exspectabat,
1234 826 1374 883 non
1394 822 1471 875 ut
1496 801 1779 880 firmiffi-

174 940 282 987 mo
310 916 664 1009 copiarum
693 914 1037 1008 praefidio,
1051 914 1131 1007 st
1152 915 1471 1013 proelium
1499 914 1783 989 commit*

168 1042 304 1101 tere
331 1046 724 1123 cogeretur,
755 1028 982 1125 hostem
1009 1028 1380 1123 superaret,
1409 1030 1521 1103 sed
1551 1050 1629 1102 ut
1656 1055 1781 1115 ur-,

169 1142 326 1215 bem
354 1142 672 1213 maximis·
697 1143 906 1235 copiis
948 1144 1252 1241 undique
1293 1145 1773 1221 circumdatam

160 1268 610 1351 expugnaret.
664 1252 1012 1333 Profectus
1039 1256 1277 1351 igitur,
1310 1254 1670 1351 castrisque
1699 1259 1773 1335 in

161 1370 344 1443 colle
371 1389 612 1441 natura
639 1370 928 1455 munito,
959 1391 1114 1443 ante
1144 1368 1595 1463 Amphipolin
1622 1371 1777 1453 fito,-

158 1483 414 1579 pofitis,
437 1484 456 1553 i
463 1480 576 1577 pse
605 1482 1187 1575 contemplabatur
1206 1481 1584 1575 Strymonis
1602 1480 1775 1579 stag-

159 1621 276 1680 na,
306 1618 379 1669 et
407 1596 622 1691 qualis
651 1592 814 1669 effet
843 1594 1029 1667 urbis
1056 1594 1212 1671 fitus
1233 1594 1605 1672 Thraciam
1624 1620 1770 1669 ver·

159 1709 288 1785 sus·
347 1707 788 1785 Existimabat
817 1728 1065 1793 autem,
1097 1707 1191 1791 se,
1229 1710 1765 1804 quotiescunque

157 1820 499 1917 voluisset,
527 1822 662 1897 fine
689 1824 1054 1897 certamine
1081 1820 1265 1895 illinc
1293 1822 1763 1896 disceffurum:

153 1938 392 2015 nullus
429 1936 612 2009 enim
654 1936 762 2010 vel
805 1935 1002 2031 supra
1044 1960 1276 2007 muros
1314 1933 1765 2029 conspicieba-

155 2074 300 2136 tur,
331 2050 442 2123 vel
473 2048 684 2143 portis
713 2049 970 2137 exibat3
1009 2070 1376 2143 omnesque
1404 2047 1661 2121 clausae
1688 2074 1761 2121 e·

153 2186 331 2239 rant.
361 2162 835 2262 Qamobrem
862 2162 1064 2235 etiam
1090 2159 1505 2235 existimabat
1524 2162 1591 2238 se
1608 2186 1761 2257 pec·⁸

149 2276 354 2362 caffe,
401 2278 604 2372 quod
624 2276 758 2349 fine
793 2277 1116 2348 machinis
1154 2301 1219 2347 eo
1256 2274 1554 2349 venisset.
1610 2275 1757 2350 Ur-

149 2392 312 2466 bem
339 2390 546 2473 enim,
585 2390 771 2485 quod
797 2386 958 2481 effet
983 2388 1273 2481 deserta,
1310 2414 1349 2461 a
1386 2389 1456 2473 se
1482 2411 1755 2487 captum

149 2507 238 2579 iri
269 2505 602 2590 credeban

163 2786 178 2801 ·
279 2739 343 2809 8.
396 2730 694 2807 Brafidas
729 2756 918 2817 vero,
965 2731 1154 2813 fimul
1192 2756 1269 2803 ac
1305 2726 1757 2802 Athenienses

151 2846 368 2923 castra
393 2844 670 2921 movifl'e
697 2848 1042 2943 cognovit,
1083 2867 1153 2918 et
1182 2842 1321 2940 ipse
1348 2841 1755 2917 descendens

151 2988 192 3035 e
236 2961 590 3055 Cerdylio,
631 2958 1079 3055 Amphipolin
1117 2946 1413 3044 intravit}
1468 2956 1561 3041 Et
1599 2956 1757 3041 nul,-

151 3075 286 3147 lam
313 3074 593 3169 quidem
621 3075 1049 3169 eruptionem
1080 3085 1305 3173 aperte
1323 3068 1513 3155 fecit,
1535 3093 1757 3163 neque

902 3184 1045 3287 1³3
