2234 3609
445 231 1333 323 'THUCYn-Vaa.
1610 258 1699 337 17

123 375 289 449 Vens
333 374 640 449 adversus
685 375 1135 472 Amphipolin
1181 374 1377 450 claffe
1421 377 1711 459 circum-³

125 490 348 563 veaus
374 488 617 573 fuerat,
647 491 846 562 motis
872 490 1098 563 castris
1127 492 1211 568 a'b
1238 491 1485 573 Eioue,
1505 514 1709 585 quam

129 602 290 675 belli
325 602 542 677 sedem
577 604 962 699 delegeram
1029 606 1373 700 Stagirum
1411 603 1713 676 Audi-io⁶

130 720 278 789 mm
311 717 640 790 coloniam
675 718 930 800 invasit,
987 742 1114 790 nec
1150 719 1355 813 cepit,
1413 718 1528 790 sed
1566 715 1711 787 Ga-

125 826 375 921 lepsum
429 830 842 903 Thafiorum
890 831 1223 903 coloniam
1278 829 1715 927 expugnavit.

121 941 446 1039 miffisque
473 947 558 1016 ad
585 942 970 1017 Perdiccam
997 945 1261 1041 legati&
1290 966 1369 1016 ut
1398 968 1483 1017 ex
1510 942 1715 1015 socie-¹

119 1057 266 1127 tatis
283 1059 446 1155 jure
473 1081 626 1129 cum
654 1058 863 1153 copiis
891 1061 976 1130 ad
1003 1056 1072 1131 se
1100 1059 1387 1142 veniret,
1416 1058 1563 1129 aliis
1592 1054 1715 1127 eti-⁶

117 1192 222 1241 am
247 1171 318 1243 in
353 1171 725 1244 Thraciam
751 1169 948 1244 miffis
975 1174 1060 1245 ad
1095 1169 1332 1245 Pollen
1362 1172 1714 1243 Odoman·¹

119 1302 260 1355 mm
317 1308 575 1379 regem,
606 1286 752 1378 qui
811 1284 1339 1379 quamplurimos
1396 1283 1715 1355 Thraces

118 1401 429 1473 mercede
466 1399 904 1481 conduxerat,
963 1397 1104 1491 ipse
1140 1400 1227 1469 ad
1259 1396 1553 1467 Ei’onem
1588 1394 1719 1464 hos
1754 1468 1757 1473 ,

115 1509 553 1606 εκΐρεξὶεδειτ.
592 1509 888 1580 Brafidas
907 1528 1131 1579 autem
1152 1509 1258 1578 his
1279 1508 1545 1590 auditiS,
1574 1506 1717 1603 ipso

115 1647 394 1718 quoque
422 1624 505 1695 ad
527 1620 923 1717 Cerdylium
942 1618 1149 1693 castra
1178 1618 1479 1695 hostibus
1506 1648 1713 1719 oppo-

115 1738 226 1809 fita
255 1736 447 1809 fecin
504 1734 648 1807 Hic
675 1754 899 1807 autem
936 1735 1123 1807 locus·
1162 1732 1255 1809 est
1284 1734 1715 1832 Argilioruni

118 1870 296 1923 trans
327 1848 580 1921 flumen
609 1849 850 1931 editus,
873 1848 956 1919 ab
975 1846 1376 1942 Amphipoli
1396 1875 1531 1922 non
1562 1876 1715 1945 pr02

117 1964 226 2035 cul
255 1962 544 2052 distans;
583 1964 764 2035 unde
801 1962 1022 2034 omnia
1059 1960 1351 2055 prospici
1382 1982 1715 2055 poteranta

118 2076 367 2175 Qare
394 2075 612 2149 Cleon
640 2086 793 2147 cum
813 2073 944 2147 suis
965 2075 1172 2173 copiis
1192 2074 1361 2146 clam
1380 2074 1565 2149 illinc
1584 2079 1713 2149 dis⁴

117 2194 360 2263 cedere
388 2215 526 2261 non
554 2185 869 2283 potuiffet
897 2187 1211 2259 adversus
1237 2186 1713 2285 Amphipolim

117 2306 304 2397 quod
332 2317 546 2376 tamen
565 2300 891 2395 Brastdas
913 2300 1128 2394 ipsum
1148 2300 1557 2395 exspectabat
1576 2302 1713 2377 faca

119 2437 375 2499 turum,
405 2428 469 2487 et
497 2424 830 2487 contemta
857 2412 1132 2487 suorum
1160 2416 1518 2509 paucitate,
1556 2442 1713 2492 cum

119 2528 578 2623 praesentibus
618 2529 826 2622 copiis
865 2540 1089 2601 contra
1104 2526 1187 2625 st
1222 2527 1711 2601 adscensurum.

119 2643 336 2717 Simul
357 2662 582 2713 autem
607 2640 676 2713 se
695 2643 936 2711 adrem
951 2642 1305 2739 gerendam
1326 2641 1709 2737 apparabat,

121 2758 304 2831 mille
333 2774 402 2827 et
437 2754 841 2851 quingentos
873 2751 1187 2853 Thraces
1214 2755 1523 2827 mercede
1550 2746 1717 2827 cone'

232 2892 437 2943 τοΜ.
468 2894 540 2941 va
607 2900 636 2941 .·
930 2864 988 2939 B
1057 2930 1062 2935 .
